<record xmlns="http://www.loc.gov/MARC21/slim" xmlns:xsi="http://www.w3.org/2001/XMLSchema-instance" xsi:schemaLocation="http://www.loc.gov/MARC21/slim http://www.loc.gov/standards/marcxml/schema/MARC21slim.xsd"><leader>01631nam a2200349   4500</leader><controlfield tag="001">001679041</controlfield><controlfield tag="003">NNU</controlfield><controlfield tag="006">m        d        </controlfield><controlfield tag="007">cr cn |||m|||a</controlfield><controlfield tag="008">150116s1945    le      o     000 0 ara d</controlfield><datafield ind1=" " ind2=" " tag="040"><subfield code="a">NNU</subfield><subfield code="b">eng</subfield><subfield code="c">NNU</subfield></datafield><datafield ind1=" " ind2="4" tag="050"><subfield code="a">PJ7802.B33</subfield><subfield code="b">Z3</subfield></datafield><datafield ind1="1" ind2=" " tag="100"><subfield code="6">880-01</subfield><subfield code="a">&#699;Abb&#363;d, M&#257;r&#363;n</subfield></datafield><datafield ind1="1" ind2="0" tag="245"><subfield code="6">880-02</subfield><subfield code="a">Zawba&#699;at al-duhu&#772;r</subfield><subfield code="h">[electronic resource] /</subfield><subfield code="c">Ma&#772;ru&#772;n &#699;Abbu&#772;d.</subfield></datafield><datafield ind1=" " ind2=" " tag="250"><subfield code="6">880-03</subfield><subfield code="a">[al-T&#803;ab&#699;ah 1.]</subfield></datafield><datafield ind1=" " ind2=" " tag="260"><subfield code="6">880-04</subfield><subfield code="a">[Bayru&#772;t]</subfield><subfield code="b">Manshu&#772;ra&#772;t Da&#772;r al-Makshu&#772;f,</subfield><subfield code="c">[1945]</subfield></datafield><datafield ind1=" " ind2=" " tag="300"><subfield code="a">online resource (276 p.)</subfield></datafield><datafield ind1=" " ind2=" " tag="500"><subfield code="a">Part of the Arabic Collections Online (ACO) project, contributed by New York Univeristy Libraries.</subfield></datafield><datafield ind1=" " ind2=" " tag="533"><subfield code="a">Electronic reproduction.</subfield><subfield code="b">New York, N.Y. :</subfield><subfield code="c">New York University,</subfield><subfield code="d">2015.</subfield><subfield code="5">NNU</subfield></datafield><datafield ind1="0" ind2="0" tag="600"><subfield code="a">Ab&#363; al-&#699;Al&#257;&#700; al-Ma&#699;arr&#299;,</subfield><subfield code="d">973-1057.</subfield></datafield><datafield ind1="0" ind2="7" tag="600"><subfield code="a">Abu&#772; al-&#699;Ala&#772;&#700; al-Ma&#699;arri&#772;,</subfield><subfield code="d">973-1057.</subfield><subfield code="2">fast</subfield><subfield code="0">(OCoLC)fst00093688</subfield></datafield><datafield ind1="2" ind2=" " tag="710"><subfield code="a">New York University.</subfield><subfield code="b">Libraries.</subfield></datafield><datafield ind1="0" ind2=" " tag="730"><subfield code="a">Arabic Collections Online.</subfield></datafield><datafield ind1="0" ind2="8" tag="776"><subfield code="i">Online version:</subfield><subfield code="a">&#699;Abbu&#772;d, Ma&#772;ru&#772;n.</subfield><subfield code="t">Zawba&#699;at al-duhu&#772;r.</subfield><subfield code="b">[al-T&#803;ab&#699;ah 1.]</subfield><subfield code="d">[Beirut] Manshu&#772;ra&#772;t Da&#772;r al-Makshu&#772;f, [1945]</subfield><subfield code="w">(OCoLC)586073002</subfield></datafield><datafield ind1="0" ind2="8" tag="776"><subfield code="i">Print version:</subfield><subfield code="a">&#699;Abb&#363;d, M&#257;r&#363;n 880-01</subfield><subfield code="t">Zawba&#699;at al-duhu&#772;r</subfield><subfield code="w">(NNU)001679041</subfield></datafield><datafield ind1="4" ind2="0" tag="856"><subfield code="u">http://hdl.handle.net/2333.1/x3ffbj48</subfield></datafield><datafield ind1="1" ind2=" " tag="880"><subfield code="6">100-01/</subfield><subfield code="a">&#1593;&#1576;&#1608;&#1583;&#1548; &#1605;&#1575;&#1585;&#1608;&#1606;.</subfield></datafield><datafield ind1="1" ind2="0" tag="880"><subfield code="6">245-02/</subfield><subfield code="a">&#1586;&#1608;&#1576;&#1593;&#1577; &#1575;&#1604;&#1583;&#1607;&#1608;&#1585; /</subfield><subfield code="c">&#1605;&#1575;&#1585;&#1608;&#1606; &#1593;&#1576;&#1608;&#1583;.</subfield></datafield><datafield ind1=" " ind2=" " tag="880"><subfield code="6">250-03/</subfield><subfield code="a">[&#1575;&#1604;&#1591;&#1576;&#1593;&#1577; 1.]</subfield></datafield><datafield ind1=" " ind2=" " tag="880"><subfield code="6">260-04/</subfield><subfield code="a">[&#1576;&#1610;&#1585;&#1608;&#1578;]</subfield><subfield code="b">&#1605;&#1606;&#1588;&#1608;&#1585;&#1575;&#1578; &#1583;&#1575;&#1585; &#1575;&#1604;&#1605;&#1603;&#1588;&#1608;&#1601;&#1548;</subfield><subfield code="c">[1945]</subfield></datafield><datafield ind1=" " ind2=" " tag="959"><subfield code="a">NNU</subfield><subfield code="b">WEB</subfield><subfield code="c">GENI</subfield><subfield code="t">0</subfield><subfield code="m">Electronic access</subfield><subfield code="s">01</subfield></datafield><datafield ind1=" " ind2=" " tag="999"><subfield code="i">NNU_001679041</subfield><subfield code="o" /></datafield></record>